@online{Pygame,
  title   = {Pygame Documentation},
  url     = {https://www.pygame.org/docs/},
  urldate = {2024-04-10},
  author  = {{Pygame Community}},
  year    = {2024}
}

@online{NumPy,
  title   = {NumPy - The fundamental package for scientific computing with Python},
  url     = {https://numpy.org/},
  urldate = {2024-04-10},
  author  = {{NumPy Developers}},
  year    = {2024}
}

@online{LeongCircleLine,
  author  = {Eric Leong},
  title   = {Circle-Line Collision Detection Tutorial},
  url     = {https://ericleong.me/research/circle-line/},
  urldate = {2024-04-10},
  year    = {2018} % Year might be approximate, check website if possible
}

@online{LeongCircleCircle,
  author  = {Eric Leong},
  title   = {Circle-Circle Collision Tutorial},
  url     = {https://ericleong.me/research/circle-circle/},
  urldate = {2024-04-10},
  year    = {2018} % Year might be approximate
}

@online{ToptalPhysics,
  author  = {Or Aviram}, % Author name found via Google search for the article
  title   = {Video Game Physics Tutorial - Part II: Collision Detection for Solid Objects},
  url     = {https://www.toptal.com/game/video-game-physics-part-ii-collision-detection-for-solid-objects},
  urldate = {2024-04-10},
  publisher = {Toptal}
  % Year might be missing, check website if possible
}

@online{PrincetonEventSim,
  author  = {Robert Sedgewick and Kevin Wayne},
  title   = {Event-Driven Simulation},
  url     = {https://algs4.cs.princeton.edu/61event/},
  urldate = {2024-04-10},
  publisher = {Princeton University}
  % Year might be associated with the course/book
}

@online{CollisionDetectionWiki,
  title   = {Collision detection},
  url     = {https://en.wikipedia.org/wiki/Collision_detection},
  urldate = {2024-04-10},
  author  = {{Wikipedia Contributors}},
  year    = {2024}
}

@online{CCDWebsite,
  title   = {Continuous Collision Detection Projects},
  url     = {https://continuous-collision-detection.github.io/},
  urldate = {2024-04-10}
  % Authors might be listed on the site
}

@online{Box2DDocs,
  title   = {Box2D Documentation - Simulation},
  url     = {https://box2d.org/documentation/md_simulation.html},
  urldate = {2024-04-10},
  author  = {Erin Catto and Box2D Contributors},
  year    = {2024} % Check current version year
}

@online{Box2DHomepage,
    title   = {Box2D - A 2D Physics Engine for Games},
    url     = {https://box2d.org/},
    urldate = {2024-04-10},
    author  = {Erin Catto and Box2D Contributors},
    year    = {2024}
}

@misc{CattoCCD,
  author  = {Erin Catto},
  title   = {Continuous Collision},
  howpublished = {Presentation Slides, GDC},
  year    = {2013},
  url     = {https://box2d.org/files/ErinCatto_ContinuousCollision_GDC2013.pdf},
  urldate = {2024-04-10}
}

@online{FeronatoCircleLine,
  author  = {Emanuele Feronato},
  title   = {Continuous collision detection between a moving circle and one or more static line segments – vertex collision included},
  url     = {https://www.emanueleferonato.com/2022/07/14/continuous-collision-detection-between-a-moving-circle-and-one-or-more-static-line-segments-vertex-collision-included/},
  urldate = {2024-04-10},
  year    = {2022}
}

@online{FeronatoCircleCircleStatic,
    author = {Emanuele Feronato},
    title = {Understanding continuous collision detection between a moving circle and a lot of other static circles – complete example},
    url = {https://www.emanueleferonato.com/2022/07/01/continuous-collision-detection-between-a-moving-circle-and-a-lot-of-other-static-circles-complete-example/},
    year = {2022},
    urldate = {2024-04-10}
}

@misc{DesmosBallBall,
  author  = {[Jouw Naam / Gebaseerd op bronnen]}, % Or attribute if known
  title   = {Desmos Graph: Ball-Ball Collision Calculation},
  howpublished = {Online Calculator Graph},
  year    = {2024}, % Or year of creation/access
  url     = {https://www.desmos.com/calculator/zu3eygltvc},
  urldate = {2024-04-10},
  note    = {Visualisatie van de kwadratische vergelijking en impulsberekening voor bal-bal botsing.}
}